@article{maml,
  title={Model-agnostic meta-learning for fast adaptation of deep networks},
  author={Finn, Chelsea and Abbeel, Pieter and Levine, Sergey},
  journal={arXiv preprint arXiv:1703.03400},
  year={2017}
}

@inproceedings{snell,
  title={Prototypical networks for few-shot learning},
  author={Snell, Jake and Swersky, Kevin and Zemel, Richard},
  booktitle={Advances in Neural Information Processing Systems},
  pages={4080--4090},
  year={2017}
}

@ARTICLE{retro,
   author = {{Nichol}, A. and {Pfau}, V. and {Hesse}, C. and {Klimov}, O. and 
	{Schulman}, J.},
    title = "{Gotta Learn Fast: A New Benchmark for Generalization in RL}",
  journal = {ArXiv e-prints},
archivePrefix = "arXiv",
   eprint = {1804.03720},
 primaryClass = "cs.LG",
 keywords = {Computer Science - Learning, Statistics - Machine Learning},
     year = 2018,
    month = apr,
   adsurl = {http://adsabs.harvard.edu/abs/2018arXiv180403720N},
  adsnote = {Provided by the SAO/NASA Astrophysics Data System}
}

@article{tesauro,
  title={Temporal difference learning and TD-Gammon},
  author={Tesauro, Gerald},
  year={1995}
}

@article{silver,
  title={Mastering the game of Go with deep neural networks and tree search},
  author={Silver, David and Huang, Aja and Maddison, Chris J and Guez, Arthur and Sifre, Laurent and Van Den Driessche, George and Schrittwieser, Julian and Antonoglou, Ioannis and Panneershelvam, Veda and Lanctot, Marc and others},
  journal={nature},
  volume={529},
  number={7587},
  pages={484--489},
  year={2016},
  publisher={Nature Research}
}

@Article{ale,
  author = {{Bellemare}, M.~G. and {Naddaf}, Y. and {Veness}, J. and {Bowling}, M.},
  title = {The Arcade Learning Environment: An Evaluation Platform for General Agents},
  journal = {Journal of Artificial Intelligence Research},
  year = "2013",
  month = "jun",
  volume = "47",
  pages = "253--279",
}

@article{lake,
  title={Building machines that learn and think like people},
  author={Lake, Brenden M and Ullman, Tomer D and Tenenbaum, Joshua B and Gershman, Samuel J},
  journal={Behavioral and Brain Sciences},
  volume={40},
  year={2017},
  publisher={Cambridge University Press}
}

@article{Ha2018WorldModels,
	author = {Ha, D. and Schmidhuber, J.},
	title  = {World Models},
	eprint = {arXiv:1803.10122},
	doi    = {10.5281/zenodo.1207631},
	url    = {https://worldmodels.github.io},
	year   = {2018}
}